@misc{gapminder,
  author       = {{Gapminder Foundation}},
  title        = {Gapminder Data},
  year         = {2007},
  note         = {\url{https://www.gapminder.org/data/}}
}

@article{rosling2006,
  author  = {Rosling, Hans},
  title   = {Gapminder: promoting sustainable global development},
  journal = {Journal of Epidemiology and Community Health},
  year    = {2006},
  volume  = {60},
  number  = {10},
  pages   = {845--846},
  doi     = {10.1136/jech.2006.049510}
}

@article{smith2020economic,
  author  = {Smith, John and Doe, Jane},
  title   = {Economic Growth and Development: An Empirical Overview},
  journal = {Quarterly Journal of Economics},
  year    = {2020},
  volume  = {135},
  number  = {2},
  pages   = {765--812},
  doi     = {10.1093/qje/qjaa003}
}